@inproceedings{r2d2,
  author    = {Jerome Revaud and Philippe Weinzaepfel and C{\'{e}}sar Roberto de Souza and
               Martin Humenberger},
  title     = {{R2D2:} Repeatable and Reliable Detector and Descriptor},
  booktitle = {NeurIPS},
  year      = {2019},
}

@inproceedings{detone18superpoint,
  author    = {Daniel DeTone and
               Tomasz Malisiewicz and
               Andrew Rabinovich},
  title     = {SuperPoint: Self-Supervised Interest Point Detection and Description},
  booktitle = {CVPR Deep Learning for Visual SLAM Workshop},
  year      = {2018},
  url       = {http://arxiv.org/abs/1712.07629}
}

@misc{musgrave2020metric,
    title={A Metric Learning Reality Check},
    author={Kevin Musgrave and Serge Belongie and Ser-Nam Lim},
    year={2020},
    eprint={2003.08505},
    archivePrefix={arXiv},
    primaryClass={cs.CV}
}

@inproceedings{sarlin20superglue,
  author    = {Paul-Edouard Sarlin and
               Daniel DeTone and
               Tomasz Malisiewicz and
               Andrew Rabinovich},
  title     = {{SuperGlue}: Learning Feature Matching with Graph Neural Networks},
  booktitle = {CVPR},
  year      = {2020},
  url       = {https://arxiv.org/abs/1911.11763}
}
